<collection xmlns="http://www.loc.gov/MARC21/slim">
<record>
  <leader>00362na 0a22001211i 450 </leader>
  <controlfield tag="001">IT\ICCU\CNCE\074651</controlfield>
  <controlfield tag="005">20090922000000.0</controlfield>
  <datafield tag="100" ind1=" " ind2=" ">
    <subfield code="a">20090922             0itac0103    ba</subfield>
  </datafield>
  <datafield tag="101" ind1=" " ind2=" ">
    <subfield code="a">LAT</subfield>
  </datafield>
  <datafield tag="200" ind1="1" ind2=" ">
    <subfield code="a">Responsum pro genero ...</subfield>
  </datafield>
  <datafield tag="700" ind1=" " ind2="1">
    <subfield code="a">Cravetta,</subfield>
    <subfield code="b">Aimone</subfield>
    <subfield code="3">IT\ICCU\CNCA\003557</subfield>
  </datafield>
  <datafield tag="790" ind1=" " ind2="1">
    <subfield code="a">Cravetta,</subfield>
    <subfield code="b">Aymo</subfield>
    <subfield code="3">IT\ICCU\CNCA\013800</subfield>
    <subfield code="z">Cravetta, Aimone</subfield>
  </datafield>
  <datafield tag="801" ind1=" " ind2="3">
    <subfield code="a">IT</subfield>
    <subfield code="b">ICCU</subfield>
    <subfield code="c">20201115</subfield>
  </datafield>
</record>
</collection>
